<?xml version="1.0" encoding="utf-8"?>
<record xmlns="http://www.loc.gov/MARC21/slim" xmlns:xsi="http://www.w3.org/2001/XMLSchema-instance" xsi:schemaLocation="http://www.loc.gov/MARC21/slim http://www.loc.gov/standards/marcxml/schema/MARC21slim.xsd">
	<leader>     nam a22     Mi 4500</leader>
	<controlfield tag="001">6239</controlfield>
	<controlfield tag="003">aeadna</controlfield>
	<controlfield tag="006">m        d        </controlfield>
	<controlfield tag="007">cr cn |||m|||a</controlfield>
	<controlfield tag="008">210825s1906  le   0   foar  a0d1 0dara u</controlfield>
	<datafield ind1=" " ind2=" " tag="040">
		<subfield code="a">ZYU</subfield>
		<subfield code="b">ara</subfield>
		<subfield code="c">ZYU</subfield>
	</datafield>
	<datafield ind1="0" ind2=" " tag="041">
		<subfield code="a">ara</subfield>
	</datafield>
	<datafield ind1=" " ind2="4" tag="050">
		<subfield code="a">DT46</subfield>
		<subfield code="b">.M3 1906</subfield>
	</datafield>
	<datafield ind1="1" ind2="0" tag="082">
		<subfield code="a">932</subfield>
		<subfield code="b">21</subfield>
	</datafield>
	<datafield ind1="1" ind2=" " tag="100">
		<subfield code="6">880-01</subfield>
		<subfield code="a">Maqrīzī, Aḥmad ibn ʻAlī,</subfield>
		<subfield code="d">1364-1442.</subfield>
	</datafield>
	<datafield ind1="0" ind2="0" tag="245">
		<subfield code="6">880-02</subfield>
		<subfield code="a">Kitāb al-mawāʻiẓ wa-al-iʻtibār</subfield>
		<subfield code="h">[electronic resource] :</subfield>
		<subfield code="b">bi-dhikr al-khiṭaṭ wa-al-āthār, al-maʻrūf bi-al-khiṭaṭ al-maqrīziyyah /</subfield>
		<subfield code="c">taʼlīf Taqī al-Dīn Abī al-ʻAbbās Aḥmad ibn ʻAlī al-Maqrīzī.</subfield>
	</datafield>
	<datafield ind1="3" ind2="0" tag="246">
		<subfield code="6">880-03</subfield>
		<subfield code="a">Khiṭaṭ al-maqrīziyyah</subfield>
	</datafield>
	<datafield ind1="3" ind2="0" tag="246">
		<subfield code="6">880-04</subfield>
		<subfield code="a">Mawāʻiẓ wa-al-iʻtibār bi-dhikr al-khiṭaṭ wa-al-āthār, al-maʻrūf bi-al-khiṭaṭ al-maqrīziyyah</subfield>
	</datafield>
	<datafield ind1=" " ind2=" " tag="260">
		<subfield code="6">880-05</subfield>
		<subfield code="a">al-Qāhirah :</subfield>
		<subfield code="b">Maṭbaʻt al-Nīl,</subfield>
		<subfield code="c">1324 H. [1906 M.]</subfield>
	</datafield>
	<datafield ind1=" " ind2=" " tag="500">
		<subfield code="a">Non-Latin script record</subfield>
	</datafield>
	<datafield ind1=" " ind2=" " tag="500">
		<subfield code="a">Part of the Arabic Collections Online (ACO) project, contributed by United Arab Emirates National Archives.</subfield>
	</datafield>
	<datafield ind1=" " ind2=" " tag="533">
		<subfield code="a">Electronic reproduction.</subfield>
		<subfield code="b">New York, N.Y. :</subfield>
		<subfield code="c">New York University,</subfield>
		<subfield code="d">2021.</subfield>
		<subfield code="5">NNU</subfield>
	</datafield>
	<datafield ind1=" " ind2="0" tag="650">
		<subfield code="6">880-06</subfield>
		<subfield code="a">Caravans</subfield>
		<subfield code="z">Egypt</subfield>
		<subfield code="z">Cairo</subfield>
		<subfield code="v">Early works to 1800.</subfield>
	</datafield>
	<datafield ind1=" " ind2="0" tag="650">
		<subfield code="6">880-07</subfield>
		<subfield code="a">Markets</subfield>
		<subfield code="z">Egypt</subfield>
		<subfield code="z">Cairo</subfield>
		<subfield code="v">Early works to 1800.</subfield>
	</datafield>
	<datafield ind1=" " ind2="0" tag="651">
		<subfield code="6">880-08</subfield>
		<subfield code="a">Egypt</subfield>
		<subfield code="x">History</subfield>
		<subfield code="v">Early works to 1800.</subfield>
	</datafield>
	<datafield ind1=" " ind2="0" tag="651">
		<subfield code="6">880-09</subfield>
		<subfield code="a">Egypt</subfield>
		<subfield code="x">Antiquities</subfield>
		<subfield code="v">Early works to 1800.</subfield>
	</datafield>
	<datafield ind1=" " ind2="0" tag="651">
		<subfield code="6">880-10</subfield>
		<subfield code="a">Egypt</subfield>
		<subfield code="x">Description and travel</subfield>
		<subfield code="v">Early works to 1800.</subfield>
	</datafield>
	<datafield ind1=" " ind2="0" tag="651">
		<subfield code="6">880-11</subfield>
		<subfield code="a">Egypt</subfield>
		<subfield code="x">hitory</subfield>
		<subfield code="v">early works to 1800.</subfield>
	</datafield>
	<datafield ind1="1" ind2="2" tag="700">
		<subfield code="6">880-12</subfield>
		<subfield code="a">Maqrīzī, Aḥmad ibn ʻAlī,</subfield>
		<subfield code="d">1364-1442</subfield>
		<subfield code="t">al-Khiṭṭ al-maqrizyah.</subfield>
	</datafield>
	<datafield ind1="2" ind2=" " tag="710">
		<subfield code="a">Abu Dhabi (United Arab Emirates).</subfield>
		<subfield code="b">National Archives.</subfield>
	</datafield>
	<datafield ind1="0" ind2=" " tag="730">
		<subfield code="a">Arabic Collections Online.</subfield>
	</datafield>
	<datafield ind1="0" ind2=" " tag="775">
		<subfield code="6">880-13</subfield>
		<subfield code="a">Maqrīzī, Aḥmad ibn ʻAlī,</subfield>
		<subfield code="d">Landan : Mūʼsasat al-Furqān lil-Turāth al-Islāmī, 2002 M.</subfield>
		<subfield code="t">Kitāb al-mawāʻiẓ wa-al-iʻtibār fī dhikr al-khiṭaṭ wa-al-āthār li-Taqī al-Dīn Aḥmad ibn ʻAlī ibn ʻAbd al-Qādir al-Maqrīzī /</subfield>
		<subfield code="z">1873992637</subfield>
	</datafield>
	<datafield ind1="0" ind2="8" tag="776">
		<subfield code="i">Print version:</subfield>
		<subfield code="a">Maqrīzī, Aḥmad ibn ʻAlī, 1364-1442.</subfield>
		<subfield code="t">Kitāb al-mawāʻiẓ wa-al-iʻtibār</subfield>
		<subfield code="w">(aeadna)6239</subfield>
	</datafield>
	<datafield ind1="4" ind2="0" tag="856">
		<subfield code="u">http://hdl.handle.net/2333.1/zcrjds96</subfield>
	</datafield>
	<datafield ind1="1" ind2=" " tag="880">
		<subfield code="6">100-01</subfield>
		<subfield code="a">المقريزي، أحمد بن علي،</subfield>
		<subfield code="d">1364-1442 م.</subfield>
	</datafield>
	<datafield ind1="0" ind2="0" tag="880">
		<subfield code="6">245-02</subfield>
		<subfield code="a">كتاب المواعظ والاعتبار :</subfield>
		<subfield code="b">بذكر الخطط والآثار، المعروف بالخطط المقريزية /</subfield>
		<subfield code="c">تأليف تقي الدين ابي العباس احمد بن علي المقريزي.</subfield>
	</datafield>
	<datafield ind1="3" ind2="0" tag="880">
		<subfield code="6">246-03</subfield>
		<subfield code="a">خطط المقريزية</subfield>
	</datafield>
	<datafield ind1="3" ind2="0" tag="880">
		<subfield code="6">246-04</subfield>
		<subfield code="a">المواعظ والإعتبار بذكر الخطط والآثار المعروف بالخطط المقريزية.</subfield>
	</datafield>
	<datafield ind1=" " ind2=" " tag="880">
		<subfield code="6">260-05</subfield>
		<subfield code="a">القاهرة :</subfield>
		<subfield code="b">مطبعة النيل،</subfield>
		<subfield code="c">1324 هـ. [1906م.].</subfield>
	</datafield>
	<datafield ind1=" " ind2=" " tag="880">
		<subfield code="6">300-00</subfield>
		<subfield code="a">4 ج. ؛</subfield>
		<subfield code="c">20 سم.</subfield>
	</datafield>
	<datafield ind1=" " ind2=" " tag="880">
		<subfield code="6">500-00</subfield>
		<subfield code="a">تابع من سيرة المؤلف : هو أحمد بن علي المقريزي المعروف باسم &amp;#xab;تقي الدين المقريزي&amp;#xbb; وهو مؤرخ مسلم، ولد وتوفي في القاهرة (764 هـ ـ 845 هـ) (1364م - 1442م) ممن اهتموا بالتأريخ بكل نواحيه.  المؤرخ تقي الدين أحمد أبو محمد وأبو العباس بن علي بن عبد القادر بن محمد المقريزي الشافعي الأثري، من أعلام التاريخ، سار شوطًا بعيدًا في حدود الفكر والعقل. وبحث في أصول البشر وأصول الديانات، وكانت له دراية بمذاهب أهل الكتاب، كان حسن الخلق، كريم العهد، كثير التواضع، عالي الهمة فيمن يقصده لنيل العلم والدراسة، محبًا للذاكرة والمداومة على التهجد والأوراد وحسن الصلاة ومزيد الطمأنينة، ملازمًا لبيته (ويتهمه السخاوي بعدم الإتقان فيما يرويه من الحوادث عن المتقدمين ولكن المؤرخين لم يعولوا على ما ذكره السخاوي فيه لأن آثار المقريزي شاهدة له بالعلم والفضل &amp;#x2013; وابن حجر وهو شيخ السخاوي يقول فيه &amp;#xab;في المقريزي&amp;#xbb; له النظم الفائق والنثر الرائق)،ثم يقول عنه أحد المؤرخين: (إن المقريزي كان متبحرًا في التاريخ على اختلاف أنواعه، ومؤلفاته تشهد له بذلك وإن جحده السخاوي بذلك، فذلك رأيه في غالب أعيان معاصريه). ُعرف بالمقريزي نسبة لحارة في بعلبك تعرف بحارة المقارزة فيقال أن أجداده من بعلبك وأن والده ذهب إلى القاهرة حيث ولى بها بعض الوظائف، ولد المقريزي حسبما يذكر هو عن نفسه بعد سنة 760 هـ وابن حجر يقول إن مولده كان في سنة 766 هـ كما رآه بخط المقريزي نفسه، أما الإمام السيوطي فيقول إن مولده كان في عام 769 هـ، أما وفاته فهي محل اتفاق، حيث توفي في مصر عصر يوم الخميس 16 رمضان سنة 845 هـ بالقاهرة ودفن يوم الجمعة قبل الصلاة بحوش الصوصية البيبرسية. (كان المقريزي محل احترام رجال الدولة في عصره وكانوا يعرضون عليه أسمى المناصب فكان يجيب مرة ويرفض أخرى، وحبب إليه العلم في آخر أمره فأعرض عن كل مظاهر الحياة وأبهتها وفّرغ نفسه للعلم وكان ميله إلى التاريخ أكثر من غيره حتى اشتهر ذكره به وبعد صيته فألف كثيرًا وأجاد في مؤلفاته التي أربت على مأتي مجلد كبار، كما يقول هو عن نفسه وقلما أجاد مكثر. كان سلفّي العقيدة، أثرّيًا على الجادة، محبًا للسلف رحمهم الله، يثني على مذهبهم وعقيدتهم ويدافع عنه في وقت انتشار عقائد مخالفة.  شغل المقريزي العديد من وظائف الدولة في عصره، حيث ولي فيها الحسبة والخطابة والإمامة عدة مرات، ثم عمل مع الملك الظاهر برقوق ودخل دمشق مع ولده الناصر سنة 810 هـ، وُعرض على المقريزي قضاؤها فأبى، ثم عاد فيما بعد إلى مصر. وتجدر الإشارة هنا إلى أن بعض الأعمال للمقريزي، قد تمت ترجمتها ونقلها إلى لغات غير العربية، فقد قام المستشرق (كواتر مير) بترجمة قسم كبير من كتاب السلوك للمقريزي وبخاصة ما يتعلق بمرحلة حكم المماليك لمصر، تحت عنوان: “Histoire des Sultan Mamlouks etc, Paris 1832 &amp;#x2013;45&amp;#x201d; ثم تابع (بلوشيت) الترجمة وأكمل ما جاء به كواتر مير في عام 1908م، حيث كتب عن تاريخ مصر وفقًا للمقريزي وأصدر كتابًا بعنوان: “Histoire d'Egypte de Makrizi, trans. E. Blochet -Leroux, 1908&amp;#x201d;. احتل المقريزي مركزًا عاليًا بين المؤرخين المصريين في النصف الأول من القرن التاسع الهجري، حيث أن معظم المؤرخين الكبار كانوا تلاميذ المقريزي، مثل أبي المحاسن يوسف بن تغري بردي مؤلف الكتاب التاريخي النجوم الزاهرة في ملوك مصر والقاهرة، والسخاوي و(أما أحمد بن علي المقريزي، فلا خلاف في تبوئه صدارة المؤرخين المصريين، في النصف الأول من القرن التاسع الهجري ويكفي دليلًا على هذا أن فطاحل ذلك الجيل من المؤرخين في مصر كانوا تلاميذ المقريزي.  تخصص في دراسة الفقه والحديث وعلوم الدين، كما برع في الأدب وأجاد النثر والشعر، وعين أكثر من مرة في وظائف الوعظ وقراءة الحديث والخطابة بجامع عمرو بن العاص والسلطان حسن ومدرسة المؤيد شيخ كما تقلد الإمامة بجامع الحاكم، وتولى وظيفة المحتسب بمدينة القاهرة، وتقلد وظائف إدارية أخرى في القاهرة ودمشق. وعندما بلغ الخمسين من عمره، تفرغ للكتابة وزهد في الوظائف العامة. وتكمن أهمية المقريزي التاريخية في ارتياده أنواٍع جديدة لم نألفها من أسلافه في البحث التاريخي. فقد وجه اهتمامه شطر التاريخ الاجتماعي للشعب المصري وعادات الناس اليومية وتقاليدهم. كما قدم القاهرة القديمة وخططها وأحيائها وتطورها الجغرافي وما حوت من مساجد وبيوت وأسواق ومدارس. قدم لكل ذلك صورًا حيه نابضة ممتعة حتى وكأن عباراته قد استحالت شريطًا سينمائيًا متتابع المشاهد، كما تناول بعض الظواهر الاقتصادية والاجتماعية الخاص مستخدمها منهجًا شموليًا في معالجتها. ولذا غدت مؤلفاته قبلة للباحثين في آثار مصر الإسلامية وتاريخها وحضارتها.</subfield>
	</datafield>
	<datafield ind1=" " ind2=" " tag="880">
		<subfield code="6">500-00</subfield>
		<subfield code="a">يتضمن كشافات</subfield>
	</datafield>
	<datafield ind1=" " ind2=" " tag="880">
		<subfield code="6">520-00</subfield>
		<subfield code="a">من أهم الكتب في تاريخ مصر وجغرافيتها وطبوغرافية عاصمتها في العصر الإسلامي، فهو الكتاب الوحيد الذي وصل الينا ويقدم لنا - اعتمادا على المصادر الأصلية- عرضا شاملا لتاريخ مصر الإسلامية ولتأسيس ونمو عواصم مصر منذ الفتح الإسلامي حتى القرن التاسع الهجري/ الخامس عشر الميلادي، ويعد اليوم مصدرا لا غنى عنه للمشتغلين بدراسة آثار مصر الإسلامية. فيوفر لنا الكتاب قائمة تفصيلية وأوصافا دقيقة بالقصور والجوامع والمدارس والخوانق والحارات والأخطاط والدور والحمامات والقياسر والخانات والأسواق والوكالات التي وجدت في عاصمة مصر خلال تسعة قرون. وترتكز هذه القائمة في الأساس على الملاحظات الشخصية للمقريزي وعلى مصادر لم تصل إلينا، فحفظ لنا المقريزي بذلك نقولا ذات شأن للمؤلفين القدماء الذين فقدت مؤلفاتهم اليوم  والكتاب كتاب مؤسس في التاريخ العمراني ومن أول الكتب المتخصصة في تاريخ المدن..</subfield>
	</datafield>
	<datafield ind1=" " ind2="4" tag="880">
		<subfield code="6">650-06</subfield>
		<subfield code="a">القوافل</subfield>
		<subfield code="z">القاهرة (مصر)</subfield>
		<subfield code="v">الأعمال المبكرة حتى 1800.</subfield>
	</datafield>
	<datafield ind1=" " ind2="4" tag="880">
		<subfield code="6">650-07</subfield>
		<subfield code="a">الأسواق</subfield>
		<subfield code="z">القاهرة (مصر)</subfield>
		<subfield code="v">الأعمال المبكرة حتى 1800.</subfield>
	</datafield>
	<datafield ind1=" " ind2="4" tag="880">
		<subfield code="6">651-08</subfield>
		<subfield code="a">مصر القديمة</subfield>
		<subfield code="x">تاريخ</subfield>
		<subfield code="v">الأعمال المبكرة حتى 1800.</subfield>
	</datafield>
	<datafield ind1=" " ind2="4" tag="880">
		<subfield code="6">651-09</subfield>
		<subfield code="a">مصر</subfield>
		<subfield code="x">الآثار</subfield>
		<subfield code="v">الأعمال المبكرة حتى 1800.</subfield>
	</datafield>
	<datafield ind1=" " ind2="4" tag="880">
		<subfield code="6">651-10</subfield>
		<subfield code="a">مصر</subfield>
		<subfield code="x">وصف و رحلات</subfield>
		<subfield code="v">الأعمال المبكرة حتى 1800.</subfield>
	</datafield>
	<datafield ind1=" " ind2="4" tag="880">
		<subfield code="6">651-11</subfield>
		<subfield code="a">مصر</subfield>
		<subfield code="x">تاريخ</subfield>
		<subfield code="v">الأعمال المبكرة حتى 1800.</subfield>
	</datafield>
	<datafield ind1="1" ind2="2" tag="880">
		<subfield code="6">700-12</subfield>
		<subfield code="a">المقريزي، أحمد بن علي،</subfield>
		<subfield code="d">1364-1442 م.</subfield>
		<subfield code="t">الخطط المقريزية.</subfield>
	</datafield>
	<datafield ind1="0" ind2=" " tag="880">
		<subfield code="6">775-13</subfield>
		<subfield code="a">المقريزي، أحمد بن علي،</subfield>
		<subfield code="d">لندن : مؤسسة الفرقان للتراث الإسلامي، 2002م.</subfield>
		<subfield code="t">كتاب المواعظ والاعتبار في ذكر الخطط والآثار لتقي الدين أحمد بن علي بن عبدالقادر المقريزي /</subfield>
		<subfield code="z">1873992637</subfield>
	</datafield>
	<datafield ind1=" " ind2=" " tag="880">
		<subfield code="6">949-00</subfield>
		<subfield code="a">932 ك &amp;#xfffd;DE&amp;#xfffd; &amp;#xfffd;DF&amp;#xfffd; ت</subfield>
		<subfield code="v">1</subfield>
		<subfield code="w">DDC</subfield>
		<subfield code="i">30018000000694</subfield>
		<subfield code="u">06/22/2003</subfield>
		<subfield code="d">04/26/2010</subfield>
		<subfield code="n">0</subfield>
		<subfield code="t">Book</subfield>
		<subfield code="l">av</subfield>
		<subfield code="m">MAIN</subfield>
		<subfield code="x">RAR</subfield>
	</datafield>
	<datafield ind1=" " ind2=" " tag="880">
		<subfield code="6">949-00</subfield>
		<subfield code="a">932 ك &amp;#xfffd;DE&amp;#xfffd; &amp;#xfffd;DF&amp;#xfffd; ت</subfield>
		<subfield code="v">2</subfield>
		<subfield code="w">DDC</subfield>
		<subfield code="i">30018000000693</subfield>
		<subfield code="u">06/22/2003</subfield>
		<subfield code="d">04/26/2010</subfield>
		<subfield code="n">0</subfield>
		<subfield code="t">Book</subfield>
		<subfield code="l">av</subfield>
		<subfield code="m">MAIN</subfield>
		<subfield code="x">RAR</subfield>
	</datafield>
	<datafield ind1=" " ind2=" " tag="880">
		<subfield code="6">949-00</subfield>
		<subfield code="a">932 ك &amp;#xfffd;DE&amp;#xfffd; &amp;#xfffd;DF&amp;#xfffd; ت</subfield>
		<subfield code="v">3</subfield>
		<subfield code="w">DDC</subfield>
		<subfield code="i">30018000000666</subfield>
		<subfield code="u">06/22/2003</subfield>
		<subfield code="d">04/26/2010</subfield>
		<subfield code="n">0</subfield>
		<subfield code="t">Book</subfield>
		<subfield code="l">av</subfield>
		<subfield code="m">MAIN</subfield>
		<subfield code="x">RAR</subfield>
	</datafield>
	<datafield ind1=" " ind2=" " tag="880">
		<subfield code="6">949-00</subfield>
		<subfield code="a">932 ك &amp;#xfffd;DE&amp;#xfffd; &amp;#xfffd;DF&amp;#xfffd; ت</subfield>
		<subfield code="v">4</subfield>
		<subfield code="w">DDC</subfield>
		<subfield code="i">30018000000667</subfield>
		<subfield code="u">06/22/2003</subfield>
		<subfield code="d">04/26/2010</subfield>
		<subfield code="n">0</subfield>
		<subfield code="t">Book</subfield>
		<subfield code="l">av</subfield>
		<subfield code="m">MAIN</subfield>
		<subfield code="x">RAR</subfield>
	</datafield>
	<datafield ind1=" " ind2=" " tag="959">
		<subfield code="a">NNU</subfield>
		<subfield code="b">WEB</subfield>
		<subfield code="c">GENI</subfield>
		<subfield code="t">0</subfield>
		<subfield code="m">Electronic access</subfield>
		<subfield code="s">01</subfield>
	</datafield>
	<datafield ind1=" " ind2=" " tag="999">
		<subfield code="i">aeadna_6239</subfield>
		<subfield code="s">uaena_aco000069:2</subfield>
		<subfield code="s">uaena_aco000070:3</subfield>
		<subfield code="e">(ERROR-880)</subfield>
		<subfield code="s">uaena_aco000069:2</subfield>
		<subfield code="s">uaena_aco000070:3</subfield>
	</datafield>
</record>
